\begin{thebibliography}{18}
% link
@misc{seedtracker,
  title   = {Seedtracker},
  url     = {https://seedtracker.org/},
  author  = {International Institute of Tropical Agriculture},
  annote  = {English}
}

@misc{react,
  title   = {React},
  url     = {https://react.dev/},
  author  = {Facebook, Inc.},
  annote  = {English}
}

@misc{directus,
  title   = {Directus},
  url     = {https://directus.io/},
  author  = {Monospace, Inc.},
  annote  = {English}
}

@misc{docker,
  title   = {Docker},
  url     = {https://www.docker.com/},
  author  = {Docker, Inc.},
  annote  = {English}
}


@misc{dockercompose,
  title   = {Docker compose},
  url     = {https://docs.docker.com/compose/},
  author  = {Docker, Inc.},
  annote  = {English}
}

@misc{github,
  title   = {Github},
  url     = {https://github.com/},
  author  = {GitHub, Inc.},
  annote  = {English}
}

@misc{antdesign,
  title   = {Ant design},
  url     = {https://ant.design/},
  author  = {Ant Group and Ant Design Community},
  annote  = {English}
}

@misc{tailwindcss,
  title   = {TailwindCSS},
  url     = {https://tailwindcss.com/},
  author  = {Tailwind Labs},
  annote  = {English}
}

@misc{axios,
  title   = {Axios},
  url     = {https://axios-http.com/},
  author  = {Matt Zabriskie},
  annote  = {English}
}


@misc{leaflet,
  title   = {Leaflet},
  url     = {https://leafletjs.com/},
  author  = {Volodymyr Agafonkin},
  annote  = {English}
}

@misc{quill,
  title   = {Quill},
  url     = {https://quilljs.com/},
  author  = {Slab, Inc.},
  annote  = {English}
}

@misc{reactrouter,
  title   = {React router},
  url     = {https://reactrouter.com/},
  author  = {Remix Software, Inc.},
  annote  = {English}
}

@misc{headlesscms,
  title   = {What Is a Headless CMS?},
  url    = {https://directus.io/blog/what-is-a-headless-cms/},
  author  = {Directus Staff},
  year    = {2022},
  month   = {4},
  annote  = {English}
}

@misc{tayninh1,
  title   = {Tây Ninh tổ chức Hội thảo Giải pháp phát triển cây khoai mì (sắn) bền vững khu vực Nam bộ},
  url     = {https://www.tayninh.gov.vn/Lists/tintucsukien/DispForm.aspx?ID=26600},
  author  = {Cổng thông tin điện tử tỉnh Tây Ninh},
  year    = {2022},
  month   = {4},
  annote  = {Vietnamese}
}

@misc{tayninh2,
  title   = {Canh tác thông minh để thích ứng bệnh khảm lá sắn},
  url     = {https://nongnghiep.vn/canh-tac-thong-minh-de-thich-ung-benh-kham-la-san-d335617.html},
  author  = {Hồng Thủy},
  year    = {2022},
  month   = {10},
  annote  = {Vietnamese}
}

% @inbook{tax,
%   author  = {Elingiusti, Michele and Aniello, Leonardo and Querzoni, Leonardo},
%   year    = {2018},
%   month   = {01},
%   pages   = {169-191},
%   title   = {PDF-Malware Detection: A Survey and Taxonomy of Current Techniques},
%   isbn    = {978-3-319-73950-2},
%   journal = {Advances in Information Security},
%   doi     = {10.1007/978-3-319-73951-9_9}
% }

% @inproceedings{scrutinizer,
%   author = {Schmitt, Florian and Gassen, Jan and Gerhards-Padilla, Elmar},
%   year   = {2012},
%   month  = {07},
%   pages  = {104-111},
%   title  = {PDF Scrutinizer: Detecting JavaScript-based attacks in PDF documents},
%   isbn   = {978-1-4673-2323-9},
%   doi    = {10.1109/PST.2012.6297926}
% }

% @article{swarm,
%   title   = {A Comprehensive Review of Swarm Optimization Algorithms},
%   volume  = {10},
%   doi     = {10.1371/journal.pone.0122827},
%   number  = {5},
%   journal = {PLOS ONE},
%   author  = {Wahab, Mohd Nadhir Ab and Nefti-Meziani, Samia and Atyabi, Adham},
%   year    = {2015},
%   month   = {May}
% }
\end{thebibliography}